@InProceedings{ 5071,
	author = "Gary M. Weiss and Haym Hirsh",
	title = "Learning to Predict Rare Events in Categorical Time-Series Data",
	booktitle = "Predicting the future: ai approaches to time-series problems; Workshop in conjunction with the fifteenth national conference on artificial intelligence",
	pages = "83--90",
	year = "1998",
	note = "Bemerkung:",
	localfile = "/home/stephan/Daten/Arbeit/Paper\_Tutorials/Paper/980101\_5071\_LearningToPredictRareEventsInCategoricalTimeSeriesData.pdf"
}
@InProceedings{ 5035,
	author = "Rene Mayrhofer",
	title = "Context Prediction based on Context Histories: Expected Benefits, Issues and Current State-of-the-Art",
	booktitle = "Proceedings of the 1st international Workshop on exploiting context histories in smart environments (ECHISE) at the 3rd Int. Conference on Pervasive Computing",
	pages = "",
	year = "2005",
	editor = "T. Pronte and B. Beyers and G. Fitzpatrick and L.D. Harvel"
}
@InProceedings{ 5013,
	author = "Rene Michael Mayrhofer and Harald Radi and Alois Ferscha",
	title = "Recognising and Predicting Context by Learning from User Behaviour",
	booktitle = "The International Conference On Advances in Mobile Multimedia (MoMM2003)",
	pages = "25--35",
	month = "September",
	volume = "171",
	year = "2003"
}
@PhDThesis{ 5001,
	author = "Rene Michael Mayrhofer",
	title = "An Architecture for Context Prediction",
	school = "Johannes Kepeler University of Linz",
	year = "2004",
	address = "Altenbergstrasse 69, 4040 Linz, Austria",
	month = "Oktober",
	localfile = "/home/stephan/Daten/Kassel/Paper\_Tutorials\_Konferenzen/Paper/041001\_PhDthesis\_Mayrhofer\_AnArchitectureForContextPrediction-p1.pdf"
}
@InProceedings{ 5010,
	author = "P. Nurmi and M. Martin and J. A. Flanagan",
	title = "Enabling Proactiveness through Context Prediction",
	booktitle = "CAPS 2005, Workshop on Context Awareness for Proactive Systems",
	month = "June",
	year = "2005"
}
@ARTICLE{4027,
author={Sigg, Stephan and Gordon, Dawud and Zengen, Georg von and Beigl, Michael and Haseloff, Sandra and David, Klaus},
journal={IEEE Transactions on Mobile Computing}, 
title={Investigation of Context Prediction Accuracy for Different Context Abstraction Levels},
year={2012},
month={june},
volume={11},
number={6},
pages={1047 -1059}}

@InProceedings{Prediction_Bannach_2010,
author={D. Bannach and K. Kunze and J. Weppner and P. Lukowicz}, 
title={Integrated tool chain for recording and handling large, multimodal context recognition data sets}, 
booktitle={Proceedings of the 12th inernational conference on Ubiquitous Computing}, 
pages={357-358}, 
year={2010}
}
@InProceedings{Prediction_Intille_2006,
author={S. Intille and K. Larson and E. Tapia and J. Beaudin and P. Kaushik and J. Nawyn and R. Rockinson}, 
title={Using a live-in laboratory for ubiquitous computing research}, 
booktitle={Lecture Notes in Computer Science},
volume={3968/2006}, 
pages={349-365}, 
year={2006}
}

@InProceedings{Prediction_Voigtmann_2012,
author={C. Voigtmann and K. David}, 
title={A Survey To Location-Based Context Prediction}, 
booktitle={First Workshop on recent advances in behavior prediction and pro-active pervasive computing},
year={2012}
}

@inProceedings{Prediction_Ruscher_2012,
author=G. Ruscher}, 
title={Simultaneous Counting and Location of Persons Based on a Heterogeneous Sensor Setup},
booktitle={First Workshop on recent advances in behavior prediction and pro-active pervasive computing},
year={2012}
}
@InProceedings{Prediction_Murao_2012,
author={K. Murao and T. Terada and A. Yano and R. Matsukura},
title={Detecting Room-to-Room Movement by Passive Infrared Sensors in Home Environments}, 
booktitle={First Workshop on recent advances in behavior prediction and pro-active pervasive computing},
year={2012}
}
@InProceedings{Prediction_Zhang_2012,
author={R. Zhang and B. Price, M. Chu and A. Walendowski},
title={Location-based Predictions for Personalized Contextual Services using Social Network Data},
booktitle={First Workshop on recent advances in behavior prediction and pro-active pervasive computing},
year={2012}
}
@InProceedings{Prediction_Bigwood_2012,
author={G. Bigwood and F. B. Abdesslem and T. Henderson},
title={Predicting location-sharing privacy preferences in social network applications}, 
booktitle={First Workshop on recent advances in behavior prediction and pro-active pervasive computing},
year={2012}
}
@InProceedings{Prediction_Seiter_2012,
author={J. Seiter and O. Amft and G. Troester},
title={Assessing Topic Models: How to Obtain Robustness?}, 
booktitle={First Workshop on recent advances in behavior prediction and pro-active pervasive computing},
year={2012}
}
@InProceedings{Prediction_Tenorth_2009,
author={M. Tenorth and J. Bandouch and M. Beetz},
title={The TUM kitchen data set of everyday manipulation activities for motion tracking and action recognition},
booktitle={IEEE International Workshop on Tracking Humans for the Evaluation of their Motion in Image Sequences in conjunction with ICCV2009},
year={2009}
}
@InProceedings{Prediction_Kasteren_2008,
author={T. van Kasteren and A. Noulas and G. Englebienne and B. Kr√∂se},
title={Accurate activity recognition in a home setting}, 
booktitle={Proceedings of the 10th international conference on Ubiquitous computing},
pages={1-9},
year={2008}
}


