
@inproceedings{guo_intelligent_2013,
	title = {Intelligent Control for Sustainable Energy Management in Underground Stations.},
	isbn = {978-989-8565-71-6},
	booktitle = {{ICINCO} 2},
	publisher = {{SciTePress}},
	author = {Guo, Hongliang and Salden, Alfons H.},
	editor = {Ferrier, Jean-Louis and Gusikhin, Oleg Yu and Madani, Kurosh and Sasiadek, Jurek Z.},
	year = {2013},
	keywords = {dblp, {SEAM4US}},
	pages = {566-571}
}

@article{anderson_maximizing_2009,
	title = {Maximizing the potential for metros to reduce energy consumption and deliver low-carbon transportation in cities},
	journal = {{MetroRail} Asia, Delhi},
	author = {Anderson, Richard and Maxwell, Rory and Harris, Nigel G.},
	year = {2009},
	keywords = {Energy, Metro, {SEAM4US}, smart environments},
	pages = {1-13}
}

@Misc{TMB,
OPTkey = {TMB},
OPTauthor = {•},
OPTtitle = {•},
OPThowpublished = {•},
OPTmonth = {•},
OPTyear = {2013},
OPTnote = {•},
OPTannote = {•}
}

